<record><leader>00000cas a22000007a 4500</leader><controlfield tag="001">29042271</controlfield><controlfield tag="008">931018d18981uuucaudr ne      0    0eng d</controlfield><datafield ind1=" " ind2=" " tag="010"><subfield code="a">sn 93053189 </subfield></datafield><datafield ind1=" " ind2=" " tag="040"><subfield code="a">CNK</subfield><subfield code="b">eng</subfield><subfield code="c">CNK</subfield><subfield code="d">OCLCQ</subfield></datafield><datafield ind1=" " ind2=" " tag="042"><subfield code="a">msc</subfield></datafield><datafield ind1="0" ind2=" " tag="130"><subfield code="a">Ontario record (Ontario, Calif. : Evening ed.)</subfield></datafield><datafield ind1="1" ind2="0" tag="245"><subfield code="a">Ontario record.</subfield></datafield><datafield ind1="1" ind2="3" tag="246"><subfield code="a">Evening record</subfield></datafield><datafield ind1=" " ind2=" " tag="250"><subfield code="a">Evening ed.</subfield></datafield><datafield ind1=" " ind2=" " tag="260"><subfield code="a">Ontario, Cal. :</subfield><subfield code="b">R.C.P. Smith</subfield></datafield><datafield ind1=" " ind2=" " tag="300"><subfield code="a">v.</subfield></datafield><datafield ind1=" " ind2=" " tag="310"><subfield code="a">Daily</subfield></datafield><datafield ind1="1" ind2=" " tag="362"><subfield code="a">Began in Apr. 1898.</subfield></datafield><datafield ind1=" " ind2=" " tag="588"><subfield code="a">Description based on: Vol. 1, no. 2 (Apr. 25, 1898).</subfield></datafield><datafield ind1=" " ind2="4" tag="651"><subfield code="a">Ontario (Calif.)</subfield><subfield code="v">Newspapers.</subfield></datafield><datafield ind1=" " ind2=" " tag="752"><subfield code="a">United States</subfield><subfield code="b">California</subfield><subfield code="c">San Bernardino</subfield><subfield code="d">Ontario.</subfield></datafield><datafield ind1="0" ind2=" " tag="775"><subfield code="t">Ontario record (Ontario, Calif. : 1885)</subfield><subfield code="w">(DLC)sn 82014549</subfield></datafield><datafield ind1="1" ind2=" " tag="029"><subfield code="a">AU@</subfield><subfield code="b">000025903950</subfield></datafield></record>